<record><leader>00000cas a22000007a 4500</leader><controlfield tag="001">16409648</controlfield><controlfield tag="008">870808d19371959iaudn ne      0    0eng d</controlfield><datafield ind1=" " ind2=" " tag="010"><subfield code="a">sn 87057798 </subfield></datafield><datafield ind1=" " ind2=" " tag="040"><subfield code="a">INP</subfield><subfield code="b">eng</subfield><subfield code="c">INP</subfield><subfield code="d">OCLCQ</subfield></datafield><datafield ind1=" " ind2=" " tag="042"><subfield code="a">msc</subfield></datafield><datafield ind1="0" ind2="4" tag="245"><subfield code="a">The Spencer daily reporter and the Spencer news-herald.</subfield></datafield><datafield ind1="3" ind2="0" tag="246"><subfield code="a">Spencer Sunday times</subfield></datafield><datafield ind1="3" ind2="0" tag="246"><subfield code="a">Spencer daily reporter, the Spencer news-herald</subfield></datafield><datafield ind1=" " ind2=" " tag="260"><subfield code="a">Spencer, Iowa :</subfield><subfield code="b">Spencer Pub. Co.,</subfield><subfield code="c">1937-1959.</subfield></datafield><datafield ind1=" " ind2=" " tag="300"><subfield code="a">v.</subfield></datafield><datafield ind1=" " ind2=" " tag="310"><subfield code="a">Daily (except Saturday),</subfield><subfield code="b">&lt;Jan. 2&gt;-Mar. 29, 1959</subfield></datafield><datafield ind1=" " ind2=" " tag="321"><subfield code="a">Daily (except Sunday),</subfield><subfield code="b">Sept. 28, 1937</subfield></datafield><datafield ind1="0" ind2=" " tag="362"><subfield code="a">Vol. 62, no. 231 (Sept. 28, 1937)-Mar. 29, 1959.</subfield></datafield><datafield ind1=" " ind2=" " tag="500"><subfield code="a">Published as: The Spencer daily reporter, the Spencer news-herald, &lt;Jan. 2&gt;-Mar. 29, 1959.</subfield></datafield><datafield ind1=" " ind2=" " tag="500"><subfield code="a">Sunday edition, with separate vol. numbering, has title: The Spencer Sunday times, &lt;Jan. 2&gt;-Mar. 29, 1959.</subfield></datafield><datafield ind1=" " ind2=" " tag="500"><subfield code="a">Publisher varies.</subfield></datafield><datafield ind1=" " ind2=" " tag="752"><subfield code="a">United States</subfield><subfield code="b">Iowa</subfield><subfield code="c">Clay</subfield><subfield code="d">Spencer.</subfield></datafield><datafield ind1="0" ind2="4" tag="780"><subfield code="t">Spencer daily reporter (Spencer, Iowa : 1935)</subfield><subfield code="w">(DLC)sn 87057797</subfield></datafield><datafield ind1="0" ind2="4" tag="780"><subfield code="t">Spencer news-herald</subfield><subfield code="w">(DLC)sn 87058493</subfield></datafield><datafield ind1="0" ind2="5" tag="780"><subfield code="t">Spencer times (Spencer, Iowa)</subfield><subfield code="w">(DLC)sn 87058496</subfield></datafield><datafield ind1="0" ind2="0" tag="785"><subfield code="t">Daily reporter, the Spencer news-herald</subfield><subfield code="w">(DLC)sn 87057799</subfield></datafield></record>